@inproceedings{FanQM017,
  author =	 {Chuchu Fan and Bolun Qi and  Sayan Mitra and Mahesh
                  Viswanathan},
  title =	 {{DryVR}: Data-Driven Verification and Compositional
                  Reasoning for Automotive Systems},
  booktitle =	 {Proc. 19th Int. Conf. Computer Aided, {CAV}, Part {I}},
  pages =	 {441--461},
  year =	 2017,
  url =		 {https://doi.org/10.1007/978-3-319-63387-9_22},
  doi =		 {10.1007/978-3-319-63387-9_22},
  timestamp =	 {Fri, 14 Jul 2017 12:55:54 +0200},
  biburl =	 {http://dblp.uni-trier.de/rec/bib/conf/cav/FanQM017},
  bibsource =	 {dblp computer science bibliography, http://dblp.org}
}


@inproceedings{spicalculus,
	title =	 {A calculus for cryptographic protocols: The spi
	calculus},
	author =	 {Abadi, Mart{\'\i}n and Gordon, Andrew D},
	booktitle =	 {Proc. 4th ACM conf. Computer
	and communications security},
	pages =	 {36-47},
	year =	 1997,
	organization = {ACM}
}

@ARTICLE{alur:tcs,
	AUTHOR = "Rajeev Alur and David L. Dill",
	TITLE = "A theory of timed automata",
	JOURNAL = "Theoretical Computer Science",
	YEAR = "1994",
	VOLUME = "126",
	PAGES = "183-235",
},